
@article{aaa,
  title={神经网络集成},
  author={周志华 and 陈世福 and 送到附近等},
  journal={计算机学报},
  year={2002},
  volume={25},
  number={1},
  pages={1-8 }
}
@book{bbb,
	title={ASP数据库系统开发实例导航},
	editor={程序 and 陈世福},
	publisher={兰州大学出版社},
	year={2002},
	address={兰州}
}
@mastersthesis{ccc,
	title={神经网路计算},
	author={刘俊坤},
	school={南京邮电大学硕士学位论文},
	year={2018}
}


